<?xml version="1.0" encoding="UTF-8"?><collection xmlns="http://www.loc.gov/MARC21/slim"><record><leader>00441nam--2200145-i-4500</leader><controlfield tag="001">000011303</controlfield><controlfield tag="002">20161230</controlfield><controlfield tag="005">20161230201029</controlfield><controlfield tag="008">060222s1000------------r-----000-0-eng-d</controlfield><datafield ind1=" " ind2=" " tag="100"><subfield code="a">Campbell, J.D.And Kenny, P</subfield></datafield><datafield ind1=" " ind2=" " tag="245"><subfield code="a">Fracture toghness. an examination of the conce pt in predicting the failure of materials</subfield></datafield><datafield ind1=" " ind2=" " tag="260"><subfield code="a">Oxford, Pergamon Press, 1968</subfield></datafield><datafield ind1=" " ind2=" " tag="490"><subfield code="a">Progres In Materials Science</subfield></datafield><datafield ind1=" " ind2=" " tag="700"><subfield code="a">Chalmers, Bruce</subfield></datafield><datafield ind1=" " ind2=" " tag="852"><subfield code="a">539.4</subfield></datafield></record></collection>